%YAML 1.1
%TAG !u! tag:unity3d.com,2011:
--- !u!1 &4194025209979776280
GameObject:
  m_ObjectHideFlags: 0
  m_CorrespondingSourceObject: {fileID: 0}
  m_PrefabInstance: {fileID: 0}
  m_PrefabAsset: {fileID: 0}
  serializedVersion: 6
  m_Component:
  - component: {fileID: 4194025209979776263}
  - component: {fileID: 4194025209979776261}
  - component: {fileID: 4194025209979776262}
  - component: {fileID: 4194025209979776260}
  m_Layer: 6
  m_Name: Door
  m_TagString: Door
  m_Icon: {fileID: 0}
  m_NavMeshLayer: 0
  m_StaticEditorFlags: 0
  m_IsActive: 1
--- !u!4 &4194025209979776263
Transform:
  m_ObjectHideFlags: 0
  m_CorrespondingSourceObject: {fileID: 0}
  m_PrefabInstance: {fileID: 0}
  m_PrefabAsset: {fileID: 0}
  m_GameObject: {fileID: 4194025209979776280}
  m_LocalRotation: {x: 0, y: -0.7071068, z: 0, w: 0.7071068}
  m_LocalPosition: {x: 4.24, y: 1, z: 3.81}
  m_LocalScale: {x: 1, y: 1, z: 1}
  m_Children:
  - {fileID: 4449154869826432719}
  m_Father: {fileID: 0}
  m_RootOrder: 0
  m_LocalEulerAnglesHint: {x: 0, y: 0, z: 0}
--- !u!54 &4194025209979776261
Rigidbody:
  m_ObjectHideFlags: 0
  m_CorrespondingSourceObject: {fileID: 0}
  m_PrefabInstance: {fileID: 0}
  m_PrefabAsset: {fileID: 0}
  m_GameObject: {fileID: 4194025209979776280}
  serializedVersion: 2
  m_Mass: 1
  m_Drag: 2
  m_AngularDrag: 0.05
  m_UseGravity: 1
  m_IsKinematic: 1
  m_Interpolate: 0
  m_Constraints: 0
  m_CollisionDetection: 0
--- !u!59 &4194025209979776262
HingeJoint:
  m_ObjectHideFlags: 0
  m_CorrespondingSourceObject: {fileID: 0}
  m_PrefabInstance: {fileID: 0}
  m_PrefabAsset: {fileID: 0}
  m_GameObject: {fileID: 4194025209979776280}
  m_ConnectedBody: {fileID: 0}
  m_ConnectedArticulationBody: {fileID: 0}
  m_Anchor: {x: 0, y: 0, z: 0}
  m_Axis: {x: 0, y: 90, z: 0}
  m_AutoConfigureConnectedAnchor: 1
  m_ConnectedAnchor: {x: 4.24, y: 1, z: 3.81}
  m_UseSpring: 0
  m_Spring:
    spring: 0
    damper: 0
    targetPosition: 0
  m_UseMotor: 0
  m_Motor:
    targetVelocity: 0
    force: 0
    freeSpin: 0
  m_UseLimits: 0
  m_Limits:
    min: -90
    max: 90
    bounciness: 0.1
    bounceMinVelocity: 0.2
    contactDistance: 0
  m_BreakForce: Infinity
  m_BreakTorque: Infinity
  m_EnableCollision: 0
  m_EnablePreprocessing: 1
  m_MassScale: 1
  m_ConnectedMassScale: 1
--- !u!65 &4194025209979776260
BoxCollider:
  m_ObjectHideFlags: 0
  m_CorrespondingSourceObject: {fileID: 0}
  m_PrefabInstance: {fileID: 0}
  m_PrefabAsset: {fileID: 0}
  m_GameObject: {fileID: 4194025209979776280}
  m_Material: {fileID: 0}
  m_IsTrigger: 0
  m_Enabled: 1
  serializedVersion: 2
  m_Size: {x: 0.01, y: 1.81, z: 0.94}
  m_Center: {x: 0, y: 0, z: -0.45}
--- !u!1001 &4194025211257506084
PrefabInstance:
  m_ObjectHideFlags: 0
  serializedVersion: 2
  m_Modification:
    m_TransformParent: {fileID: 4194025209979776263}
    m_Modifications:
    - target: {fileID: -8679921383154817045, guid: c00a1d6053dd4894192c1ff5407b10a1, type: 3}
      propertyPath: m_RootOrder
      value: 0
      objectReference: {fileID: 0}
    - target: {fileID: -8679921383154817045, guid: c00a1d6053dd4894192c1ff5407b10a1, type: 3}
      propertyPath: m_LocalPosition.x
      value: 0
      objectReference: {fileID: 0}
    - target: {fileID: -8679921383154817045, guid: c00a1d6053dd4894192c1ff5407b10a1, type: 3}
      propertyPath: m_LocalPosition.y
      value: 0
      objectReference: {fileID: 0}
    - target: {fileID: -8679921383154817045, guid: c00a1d6053dd4894192c1ff5407b10a1, type: 3}
      propertyPath: m_LocalPosition.z
      value: 0.029
      objectReference: {fileID: 0}
    - target: {fileID: -8679921383154817045, guid: c00a1d6053dd4894192c1ff5407b10a1, type: 3}
      propertyPath: m_LocalRotation.w
      value: 1
      objectReference: {fileID: 0}
    - target: {fileID: -8679921383154817045, guid: c00a1d6053dd4894192c1ff5407b10a1, type: 3}
      propertyPath: m_LocalRotation.x
      value: 0
      objectReference: {fileID: 0}
    - target: {fileID: -8679921383154817045, guid: c00a1d6053dd4894192c1ff5407b10a1, type: 3}
      propertyPath: m_LocalRotation.y
      value: 0
      objectReference: {fileID: 0}
    - target: {fileID: -8679921383154817045, guid: c00a1d6053dd4894192c1ff5407b10a1, type: 3}
      propertyPath: m_LocalRotation.z
      value: 0
      objectReference: {fileID: 0}
    - target: {fileID: -8679921383154817045, guid: c00a1d6053dd4894192c1ff5407b10a1, type: 3}
      propertyPath: m_LocalEulerAnglesHint.x
      value: 0
      objectReference: {fileID: 0}
    - target: {fileID: -8679921383154817045, guid: c00a1d6053dd4894192c1ff5407b10a1, type: 3}
      propertyPath: m_LocalEulerAnglesHint.y
      value: 0
      objectReference: {fileID: 0}
    - target: {fileID: -8679921383154817045, guid: c00a1d6053dd4894192c1ff5407b10a1, type: 3}
      propertyPath: m_LocalEulerAnglesHint.z
      value: 0
      objectReference: {fileID: 0}
    - target: {fileID: -7511558181221131132, guid: c00a1d6053dd4894192c1ff5407b10a1, type: 3}
      propertyPath: m_Materials.Array.data[3]
      value: 
      objectReference: {fileID: 2100000, guid: 63bc8c2c53c4a024887e641ca7bd4162, type: 2}
    - target: {fileID: 919132149155446097, guid: c00a1d6053dd4894192c1ff5407b10a1, type: 3}
      propertyPath: m_Name
      value: door
      objectReference: {fileID: 0}
    - target: {fileID: 919132149155446097, guid: c00a1d6053dd4894192c1ff5407b10a1, type: 3}
      propertyPath: m_Layer
      value: 6
      objectReference: {fileID: 0}
    - target: {fileID: 919132149155446097, guid: c00a1d6053dd4894192c1ff5407b10a1, type: 3}
      propertyPath: m_TagString
      value: Door
      objectReference: {fileID: 0}
    m_RemovedComponents: []
  m_SourcePrefab: {fileID: 100100000, guid: c00a1d6053dd4894192c1ff5407b10a1, type: 3}
--- !u!4 &4449154869826432719 stripped
Transform:
  m_CorrespondingSourceObject: {fileID: -8679921383154817045, guid: c00a1d6053dd4894192c1ff5407b10a1, type: 3}
  m_PrefabInstance: {fileID: 4194025211257506084}
  m_PrefabAsset: {fileID: 0}
