%YAML 1.1
%TAG !u! tag:unity3d.com,2011:
--- !u!1 &5993025676704957016
GameObject:
  m_ObjectHideFlags: 0
  m_CorrespondingSourceObject: {fileID: 0}
  m_PrefabInstance: {fileID: 0}
  m_PrefabAsset: {fileID: 0}
  serializedVersion: 6
  m_Component:
  - component: {fileID: 5993025676704957014}
  - component: {fileID: 5993025676704957015}
  - component: {fileID: 1109103021142896566}
  - component: {fileID: 3740848233246111168}
  m_Layer: 0
  m_Name: Finish
  m_TagString: Untagged
  m_Icon: {fileID: 0}
  m_NavMeshLayer: 0
  m_StaticEditorFlags: 0
  m_IsActive: 1
--- !u!4 &5993025676704957014
Transform:
  m_ObjectHideFlags: 0
  m_CorrespondingSourceObject: {fileID: 0}
  m_PrefabInstance: {fileID: 0}
  m_PrefabAsset: {fileID: 0}
  m_GameObject: {fileID: 5993025676704957016}
  m_LocalRotation: {x: 0, y: 0, z: 0, w: 1}
  m_LocalPosition: {x: -1, y: 1, z: 4}
  m_LocalScale: {x: 1, y: 1, z: 1}
  m_Children:
  - {fileID: 2621430611246568049}
  m_Father: {fileID: 0}
  m_RootOrder: 0
  m_LocalEulerAnglesHint: {x: 0, y: 0, z: 0}
--- !u!65 &5993025676704957015
BoxCollider:
  m_ObjectHideFlags: 0
  m_CorrespondingSourceObject: {fileID: 0}
  m_PrefabInstance: {fileID: 0}
  m_PrefabAsset: {fileID: 0}
  m_GameObject: {fileID: 5993025676704957016}
  m_Material: {fileID: 0}
  m_IsTrigger: 1
  m_Enabled: 1
  serializedVersion: 2
  m_Size: {x: 1.95, y: 1.93, z: 1.78}
  m_Center: {x: 0, y: 0, z: 0}
--- !u!114 &1109103021142896566
MonoBehaviour:
  m_ObjectHideFlags: 0
  m_CorrespondingSourceObject: {fileID: 0}
  m_PrefabInstance: {fileID: 0}
  m_PrefabAsset: {fileID: 0}
  m_GameObject: {fileID: 5993025676704957016}
  m_Enabled: 1
  m_EditorHideFlags: 0
  m_Script: {fileID: 11500000, guid: 86a3f07bc6ee96348bbf685840833185, type: 3}
  m_Name: 
  m_EditorClassIdentifier: 
  sceneName: SampleScene
  player: {fileID: 0}
--- !u!111 &3740848233246111168
Animation:
  m_ObjectHideFlags: 0
  m_CorrespondingSourceObject: {fileID: 0}
  m_PrefabInstance: {fileID: 0}
  m_PrefabAsset: {fileID: 0}
  m_GameObject: {fileID: 5993025676704957016}
  m_Enabled: 1
  serializedVersion: 3
  m_Animation: {fileID: 3507194772701364521, guid: 649013756488f4044816949c3eebdb94, type: 3}
  m_Animations:
  - {fileID: 3507194772701364521, guid: 649013756488f4044816949c3eebdb94, type: 3}
  m_WrapMode: 0
  m_PlayAutomatically: 1
  m_AnimatePhysics: 0
  m_CullingType: 0
--- !u!1001 &2588312210657949082
PrefabInstance:
  m_ObjectHideFlags: 0
  serializedVersion: 2
  m_Modification:
    m_TransformParent: {fileID: 5993025676704957014}
    m_Modifications:
    - target: {fileID: -8679921383154817045, guid: 649013756488f4044816949c3eebdb94, type: 3}
      propertyPath: m_RootOrder
      value: 0
      objectReference: {fileID: 0}
    - target: {fileID: -8679921383154817045, guid: 649013756488f4044816949c3eebdb94, type: 3}
      propertyPath: m_LocalPosition.x
      value: 0
      objectReference: {fileID: 0}
    - target: {fileID: -8679921383154817045, guid: 649013756488f4044816949c3eebdb94, type: 3}
      propertyPath: m_LocalPosition.y
      value: -0.3
      objectReference: {fileID: 0}
    - target: {fileID: -8679921383154817045, guid: 649013756488f4044816949c3eebdb94, type: 3}
      propertyPath: m_LocalPosition.z
      value: 0
      objectReference: {fileID: 0}
    - target: {fileID: -8679921383154817045, guid: 649013756488f4044816949c3eebdb94, type: 3}
      propertyPath: m_LocalRotation.w
      value: 1
      objectReference: {fileID: 0}
    - target: {fileID: -8679921383154817045, guid: 649013756488f4044816949c3eebdb94, type: 3}
      propertyPath: m_LocalRotation.x
      value: 0
      objectReference: {fileID: 0}
    - target: {fileID: -8679921383154817045, guid: 649013756488f4044816949c3eebdb94, type: 3}
      propertyPath: m_LocalRotation.y
      value: 0
      objectReference: {fileID: 0}
    - target: {fileID: -8679921383154817045, guid: 649013756488f4044816949c3eebdb94, type: 3}
      propertyPath: m_LocalRotation.z
      value: 0
      objectReference: {fileID: 0}
    - target: {fileID: -8679921383154817045, guid: 649013756488f4044816949c3eebdb94, type: 3}
      propertyPath: m_LocalEulerAnglesHint.x
      value: 0
      objectReference: {fileID: 0}
    - target: {fileID: -8679921383154817045, guid: 649013756488f4044816949c3eebdb94, type: 3}
      propertyPath: m_LocalEulerAnglesHint.y
      value: 0
      objectReference: {fileID: 0}
    - target: {fileID: -8679921383154817045, guid: 649013756488f4044816949c3eebdb94, type: 3}
      propertyPath: m_LocalEulerAnglesHint.z
      value: 0
      objectReference: {fileID: 0}
    - target: {fileID: 919132149155446097, guid: 649013756488f4044816949c3eebdb94, type: 3}
      propertyPath: m_Name
      value: printer
      objectReference: {fileID: 0}
    m_RemovedComponents: []
  m_SourcePrefab: {fileID: 100100000, guid: 649013756488f4044816949c3eebdb94, type: 3}
--- !u!4 &2621430611246568049 stripped
Transform:
  m_CorrespondingSourceObject: {fileID: -8679921383154817045, guid: 649013756488f4044816949c3eebdb94, type: 3}
  m_PrefabInstance: {fileID: 2588312210657949082}
  m_PrefabAsset: {fileID: 0}
